@inproceedings{Baldelli2024TWOLAR,
    title     = {TWOLAR: a TWO-step LLM-Augmented distillation method for passage Reranking},
    author    = {Davide Baldelli and Junfeng Jiang and Akiko Aizawa and Paolo Torroni},
    booktitle = {Proceedings of the European Conference on Information Retrieval (ECIR 2024)},
    year      = {2024},
    note      = {In Press},  
    url = {https://link.springer.com/chapter/10.1007/978-3-031-56027-9_29}
}

@article{govindarajan2025cadmium,
  title={CADmium: Fine-Tuning Code Language Models for Text-Driven Sequential CAD Design},
  author={Govindarajan, Prashant and Baldelli, Davide and Pathak, Jay and Fournier, Quentin and Chandar, Sarath},
  journal={arXiv preprint arXiv:2507.09792},
  url = {https://arxiv.org/abs/2507.09792},
  year={2025}
}

% arXiv:XXXX.XXXXX}, TODO: Replace XXXXX.XXXXX with your actual arXiv ID
%  year      = {2025}, % TODO: Confirm year of arXiv publication/submission
%  eprint    = {XXXX.XXXXX}, % TODO: Replace XXXXX.XXXXX with your actual %arXiv ID
%  archivePrefix = {arXiv},
%  
%}