%-------------------------------------------------------------------------------
 %	PUBLICATIONS - APA 7th Edition Format for FRQ
 %-------------------------------------------------------------------------------

@inproceedings{Baldelli2024TWOLAR,
    author    = {\textbf{Baldelli, Davide} and Jiang, Junfeng and Aizawa, Akiko and Torroni, Paolo},
    title     = {{TWOLAR}: A {TWO}-Step {LLM}-Augmented Distillation Method for Passage Reranking},
    booktitle = {Advances in Information Retrieval},
    series    = {Lecture Notes in Computer Science},
    volume    = {14608},
    pages     = {465--481},
    year      = {2024},
    publisher = {Springer},
    doi       = {10.1007/978-3-031-56027-9_29},
    url       = {https://doi.org/10.1007/978-3-031-56027-9_29}
}

@misc{govindarajan2025cadmium,
  author    = {Govindarajan, Prashant and \textbf{Baldelli, Davide} and Pathak, Jay and Fournier, Quentin and Chandar, Sarath},
  title     = {{CADmium}: Fine-Tuning Code Language Models for Text-Driven Sequential {CAD} Design},
  year      = {2025},
  eprint    = {2507.09792},
  archivePrefix = {arXiv},
  primaryClass = {cs.LG},
  url       = {https://arxiv.org/abs/2507.09792}
}




% arXiv:XXXX.XXXXX}, TODO: Replace XXXXX.XXXXX with your actual arXiv ID
%  year      = {2025}, % TODO: Confirm year of arXiv publication/submission
%  eprint    = {XXXX.XXXXX}, % TODO: Replace XXXXX.XXXXX with your actual %arXiv ID
%  archivePrefix = {arXiv},
%  
%}